% @misc{example-reference,
%     author    = "L. Masinter",
%     title     = "Hyper Text Coffee Pot Control Protocol (HTCPCP/1.0)",
%     url       = "https://tools.ietf.org/html/rfc2324",
%     note      = "[Accessed: 24-05-2019]"
% }
% @inproceedings{spectre,
%  author = {Paul Kocher and Jann Horn and Anders Fogh and Daniel Genkin and Daniel Gruss and Werner Haas and Mike Hamburg and Moritz Lipp and Stefan Mangard and Thomas Prescher and Michael Schwarz and Yuval Yarom},
%  title = {Spectre Attacks: Exploiting Speculative Execution},
%  booktitle = {40th IEEE Symposium on Security and Privacy (S\&P'19)},
%  year = {2019},
% }

@misc{pyqt,
  title = {PyQt},
  howpublished = {\url{https://www.riverbankcomputing.com/software/pyqt/}},
  note = {Accessed: 2022-04-28}
}

@misc{gel-electrophoresis,
  title = {Gel electrophoresis},
  howpublished = {\url{https://en.wikipedia.org/wiki/Gel_electrophoresis}},
  note = {Accessed: 2022-04-28}
}

@misc{pyside6,
  title = {PySide6},
  howpublished = {\url{https://pypi.org/project/PySide6}},
  note = {Accessed: 2022-04-28}
}

@misc{pyqtgraph,
  title = {PyQtGraph},
  howpublished = {\url{https://www.pyqtgraph.org/}},
  note = {Accessed: 2022-04-28}
}

@misc{numpy,
  title = {NumPy},
  howpublished = {\url{https://numpy.org/doc/stable/}},
  note = {Accessed: 2022-04-28}
}

@misc{postgresql,
  title = {PostgreSQL},
  howpublished = {\url{https://www.postgresql.org/}},
  note = {Accessed: 2022-04-28}
}

@misc{sqlite,
  title = {SQLite},
  howpublished = {\url{https://www.sqlite.org/about.html}},
  note = {Accessed: 2022-04-28}
}

@misc{sqlalchemy,
  title = {SQLAlchemy},
  howpublished = {\url{https://www.sqlalchemy.org/}},
  note = {Accessed: 2022-04-28}
}

@misc{sqlalchemy,
  title = {SQLAlchemy},
  howpublished = {\url{https://www.sqlalchemy.org/}},
  note = {Accessed: 2022-04-28}
}

@misc{omero,
  title = {OMERO},
  howpublished = {\url{https://docs.openmicroscopy.org/omero/5.6.4/users/index.html}},
  note = {Accessed: 2022-04-28}
}

@misc{alembic,
  title = {Alembic},
  howpublished = {\url{https://alembic.sqlalchemy.org/en/latest/}},
  note = {Accessed: 2022-04-28}
}

@misc{dependency-injection,
  title = {Dependency injection},
  howpublished = {\url{https://en.wikipedia.org/wiki/Dependency_injection}},
  note = {Accessed: 2022-04-28}
}

@misc{signals-slots,
  title = {Signals & Slots},
  howpublished = {\url{https://doc.qt.io/qt-5/signalsandslots.html}},
  note = {Accessed: 2022-04-28}
}

@misc{plot-curve-item,
  title = {PlotCurveItem},
  howpublished = {\url{https://pyqtgraph.readthedocs.io/en/latest/graphicsItems/plotcurveitem.html}},
  note = {Accessed: 2022-04-28}
}

@misc{rolling-ball,
  title = {Scikit-image rolling ball algorithm},
  howpublished = {\url{https://scikit-image.org/docs/stable/api/skimage.restoration.html#skimage.restoration.rolling_ball}},
  note = {Accessed: 2022-04-28}
}

@misc{pyside-intl,
  title = {PySide internationalization},
  howpublished = {\url{https://wiki.qt.io/PySide_Internationalization}},
  note = {Accessed: 2022-05-01}
}

@misc{qt-dir,
  title = {QDir Class},
  howpublished = {\url{https://doc.qt.io/qt-6/qdir.html#tempPath}},
  note = {Accessed: 2022-05-04}
}

@misc{project-gitlab,
  title = {Project on GitLab},
  howpublished = {\url{https://gitlab.cs.ttu.ee/jakutt/iaib}},
  note = {Accessed: 2022-05-07}
}

@misc{project-wiki,
  title = {Project Wiki},
  howpublished = {\url{https://gitlab.cs.ttu.ee/jakutt/iaib/-/wikis/home}},
  note = {Accessed: 2022-05-07}
}

@misc{keyring,
  title = {Keyring},
  howpublished = {\url{https://pypi.org/project/keyring/}},
  note = {Accessed: 2022-05-08}
}

@misc{fowler-injection,
  author = "M. Fowler",
  title = {Injection},
  howpublished = {\url{https://www.martinfowler.com/articles/injection.html}},
  note = {Accessed: 2022-05-08}
}

@misc{di-in-python,
  author = "R. Mogylatov",
  title = {Dependency injection and inversion of control in Python},
  howpublished = {\url{https://python-dependency-injector.ets-labs.org/introduction/di_in_python.html}},
  note = {Accessed: 2022-05-08}
}

@misc{di-framework,
  author = "R. Mogylatov",
  title = {Dependency Injector},
  howpublished = {\url{https://python-dependency-injector.ets-labs.org/index.html}},
  note = {Accessed: 2022-05-08}
}

@misc{python-inject,
  author = "I. Korobkov",
  title = {python-inject},
  howpublished = {\url{https://github.com/ivankorobkov/python-inject}},
  note = {Accessed: 2022-05-08}
}

@misc{omero-client,
  title = {OMERO.py},
  howpublished = {\url{https://github.com/ome/omero-py}},
  note = {Accessed: 2022-05-08}
}

@misc{image-lab,
  title = {Image Lab},
  howpublished = {\url{https://www.bio-rad.com/webroot/web/pdf/lsr/literature/10000076953.pdf}},
  note = {Accessed: 2022-05-08}
}

@misc{protein-quantification-imagej,
  title = {Protein Quantification Using ImageJ},
  howpublished = {\url{https://openwetware.org/wiki/Protein_Quantification_Using_ImageJ}},
  note = {Accessed: 2022-05-08}
}

@book{supramolecular-polymer-networks-and-gels,
    author = {Seiffert, Sebastian},
    year = {2015},
    month = {01},
    title = {Supramolecular Polymer Networks and Gels},
    volume = {268},
    isbn = {978-3-319-15403-9},
    doi = {10.1007/978-3-319-15404-6}
}

@book{gel-electrophoresis-principles-basics,
    abstract = {},
    author = {},
    doi = {10.5772/2205},
    editor = {Sameh Magdeldin},
    keywords = {},
    pages = {},
    title = {Gel Electrophoresis - Principles and Basics},
    url = {https://app.dimensions.ai/details/publication/pub.1108429868},
    year = {2012}
}

@article{western-blotting-basics,
    author = {Jensen, Ellen C.},
    title = {The Basics of Western Blotting},
    journal = {The Anatomical Record},
    volume = {295},
    number = {3},
    pages = {369-371},
    doi = {https://doi.org/10.1002/ar.22424},
    url = {https://anatomypubs.onlinelibrary.wiley.com/doi/abs/10.1002/ar.22424},
    eprint = {https://anatomypubs.onlinelibrary.wiley.com/doi/pdf/10.1002/ar.22424},
    year = {2012}
}

@article{western-blotting-tissue-factor,
    author = {Rosell, Axel and Moser, Bernhard and Hisada, Yohei and Chinthapatla, Rukesh and Lian, Grace and Yang, Yi and Flick, Matthew J. and Mackman, Nigel},
    title = {Evaluation of different commercial antibodies for their ability to detect human and mouse tissue factor by western blotting},
    journal = {Research and Practice in Thrombosis and Haemostasis},
    volume = {4},
    number = {6},
    pages = {1013-1023},
    keywords = {antibody, glycosylation, tissue factor, validation, western blotting},
    doi = {https://doi.org/10.1002/rth2.12363},
    url = {https://onlinelibrary.wiley.com/doi/abs/10.1002/rth2.12363},
    eprint = {https://onlinelibrary.wiley.com/doi/pdf/10.1002/rth2.12363},
    year = {2020}
}

@article{western-blotting-confirmatory-syphilis,
    title = {Treponema pallidum western blot: Comparison with the FTA-ABS test as a confirmatory test for syphilis},
    journal = {Diagnostic Microbiology and Infectious Disease},
    volume = {39},
    number = {1},
    pages = {9-14},
    year = {2001},
    issn = {0732-8893},
    doi = {https://doi.org/10.1016/S0732-8893(00)00213-3},
    url = {https://www.sciencedirect.com/science/article/pii/S0732889300002133},
    author = {Josephine L. Backhouse and Serge I. Nesteroff}
}

@inbook{western-blotting-asthma-study,
    author = {Garc√≠a-Solaesa, Virginia and Abad, Sara},
    year = {2016},
    month = {06},
    pages = {107-120},
    title = {SDS-Polyacrylamide Electrophoresis and Western Blotting Applied to the Study of Asthma},
    volume = {1434},
    isbn = {978-1-4939-3650-2},
    journal = {Methods in molecular biology (Clifton, N.J.)},
    doi = {10.1007/978-1-4939-3652-6_8}
}

@article{western-blotting-technique,
    author = {Meftahi, Gholam Hossein and Bahari, Zahra and Zarei Mahmoudabadi, Ali and Iman, Maryam and Jangravi, Zohreh},
    title = {Applications of western blot technique: From bench to bedside},
    journal = {Biochemistry and Molecular Biology Education},
    volume = {49},
    number = {4},
    pages = {509-517},
    keywords = {antibody, clinical application, protein immunoblot, scientific application, western blot},
    doi = {https://doi.org/10.1002/bmb.21516},
    url = {https://iubmb.onlinelibrary.wiley.com/doi/abs/10.1002/bmb.21516},
    eprint = {https://iubmb.onlinelibrary.wiley.com/doi/pdf/10.1002/bmb.21516},
    year = {2021}
}

@article{protein-determination-food,
    AUTHOR = {Hayes, Maria},
    TITLE = {Measuring Protein Content in Food: An Overview of Methods},
    JOURNAL = {Foods},
    VOLUME = {9},
    YEAR = {2020},
    NUMBER = {10},
    ARTICLE-NUMBER = {1340},
    URL = {https://www.mdpi.com/2304-8158/9/10/1340},
    PubMedID = {32977393},
    ISSN = {2304-8158},
    DOI = {10.3390/foods9101340}
}

@misc{multi-rect-roi,
  title = {pyqtgraph.MultiRectROI},
  howpublished = {\url{https://pyqtgraph.readthedocs.io/en/latest/graphicsItems/roi.html#pyqtgraph.MultiRectROI}},
  note = {Accessed: 2022-05-09}
}

@inbook{gof-command,
    author = {{Gamma, E.}, {Helm, R.}, {Johnson, R. E.}, {Vlissides, J.}},
    title = {Design patterns: Elements of reusable object-oriented software},
    publisher = {Reading, Mass: Addison-Wesley},
    pages = {263-266},
    year = {1995}
}

@misc{sqlite-numbers,
  title = {Floating Point Numbers},
  howpublished = {\url{https://www.sqlite.org/floatingpoint.html}},
  note = {Accessed: 2022-05-08}
}

@Article{Corno2015,
author={Corno, Fulvio
and Guercio, Elena
and De Russis, Luigi
and Gargiulo, Eleonora},
title={Designing for user confidence in intelligent environments},
journal={Journal of Reliable Intelligent Environments},
year={2015},
month={Jul},
day={01},
volume={1},
number={1},
pages={11-21},
doi={10.1007/s40860-015-0001-7},
url={https://doi.org/10.1007/s40860-015-0001-7}
}
